<record><leader>00000cas a2200000 a 4500</leader><controlfield tag="001">226912012</controlfield><controlfield tag="007">hd afa014bacp</controlfield><controlfield tag="007">hd bfa014baap</controlfield><controlfield tag="007">hd bfa014babp</controlfield><controlfield tag="008">080501d19141971wauer nea     0    0eng c</controlfield><datafield ind1=" " ind2=" " tag="010"><subfield code="a">  2008252689</subfield></datafield><datafield ind1=" " ind2=" " tag="040"><subfield code="a">WAU</subfield><subfield code="b">eng</subfield><subfield code="c">WAU</subfield><subfield code="d">WAU</subfield><subfield code="d">DLC</subfield><subfield code="d">OCLCQ</subfield><subfield code="d">CRL</subfield><subfield code="d">OCLCA</subfield><subfield code="d">OCLCF</subfield><subfield code="d">OCLCO</subfield><subfield code="d">OCLCQ</subfield></datafield><datafield ind1=" " ind2=" " tag="042"><subfield code="a">pcc</subfield></datafield><datafield ind1=" " ind2=" " tag="043"><subfield code="a">n-us-wa</subfield></datafield><datafield ind1="0" ind2=" " tag="130"><subfield code="a">Washington farmer (Spokane, Wash.)</subfield></datafield><datafield ind1="1" ind2="0" tag="245"><subfield code="a">Washington farmer.</subfield></datafield><datafield ind1=" " ind2=" " tag="260"><subfield code="a">Spokane, Wash. :</subfield><subfield code="b">Washington Farmer,</subfield><subfield code="c">1914-[1971]</subfield></datafield><datafield ind1=" " ind2=" " tag="300"><subfield code="a">72 volumes :</subfield><subfield code="b">illustrations ;</subfield><subfield code="c">39 cm</subfield></datafield><datafield ind1=" " ind2=" " tag="310"><subfield code="a">Biweekly,</subfield><subfield code="b">Jan. 26, 1933-June 17, 1971</subfield></datafield><datafield ind1=" " ind2=" " tag="321"><subfield code="a">Weekly,</subfield><subfield code="b">1914-Jan. 19, 1933</subfield></datafield><datafield ind1=" " ind2=" " tag="336"><subfield code="a">text</subfield><subfield code="b">txt</subfield><subfield code="2">rdacontent</subfield></datafield><datafield ind1=" " ind2=" " tag="337"><subfield code="a">microform</subfield><subfield code="b">h</subfield><subfield code="2">rdamedia</subfield></datafield><datafield ind1=" " ind2=" " tag="338"><subfield code="a">microfilm reel</subfield><subfield code="b">hd</subfield><subfield code="2">rdacarrier</subfield></datafield><datafield ind1="0" ind2=" " tag="362"><subfield code="a">Vol. 35, no. 12 (June 15, 1914)-v. 96, no. 12 (June 17, 1971).</subfield></datafield><datafield ind1=" " ind2=" " tag="500"><subfield code="a">Title from caption.</subfield></datafield><datafield ind1=" " ind2=" " tag="515"><subfield code="a">Continues the numbering of Ranch (Seattle, Wash.).</subfield></datafield><datafield ind1=" " ind2=" " tag="515"><subfield code="a">Two volumes per year, 1914-1932; one volume per year, 1933-1971.</subfield></datafield><datafield ind1=" " ind2=" " tag="515"><subfield code="a">Volume numbers 60-69 published 1929-1934; volume numbering 60-69 repeated 1935-1944.</subfield></datafield><datafield ind1=" " ind2=" " tag="533"><subfield code="a">Microfilm.</subfield><subfield code="m">v.35:no. 12-v.75:no. 24 (1914:June 15-1950: Dec. 15)</subfield><subfield code="b">Lacey, WA :</subfield><subfield code="c">OCLC Preservation Service Center on behalf of University of Washington Libraries,</subfield><subfield code="d">2007.</subfield><subfield code="e">1 microfilm reel ; 35 mm.</subfield><subfield code="f">(USAIN state and local literature preservation project. Washington).</subfield></datafield><datafield ind1=" " ind2="0" tag="650"><subfield code="a">Agriculture</subfield><subfield code="z">Washington (State)</subfield><subfield code="v">Newspapers.</subfield></datafield><datafield ind1=" " ind2="0" tag="650"><subfield code="a">Livestock</subfield><subfield code="z">Washington (State)</subfield><subfield code="v">Newspapers.</subfield></datafield><datafield ind1=" " ind2="7" tag="650"><subfield code="a">Agriculture.</subfield><subfield code="2">fast</subfield><subfield code="0">(OCoLC)fst00801355</subfield></datafield><datafield ind1=" " ind2="7" tag="650"><subfield code="a">Livestock.</subfield><subfield code="2">fast</subfield><subfield code="0">(OCoLC)fst01000722</subfield></datafield><datafield ind1=" " ind2="7" tag="651"><subfield code="a">Washington (State)</subfield><subfield code="2">fast</subfield><subfield code="0">(OCoLC)fst01204703</subfield></datafield><datafield ind1=" " ind2="7" tag="655"><subfield code="a">Newspapers.</subfield><subfield code="2">fast</subfield><subfield code="0">(OCoLC)fst01423814</subfield></datafield><datafield ind1=" " ind2=" " tag="752"><subfield code="a">United States</subfield><subfield code="b">Washington</subfield><subfield code="c">Spokane</subfield><subfield code="d">Spokane.</subfield></datafield><datafield ind1="1" ind2=" " tag="776"><subfield code="c">Original</subfield><subfield code="x">2157-8087</subfield><subfield code="w">(DLC)sn 98047755</subfield><subfield code="w">(OCoLC)39288223</subfield></datafield><datafield ind1="0" ind2="0" tag="780"><subfield code="t">Ranch (Seattle, Wash.)</subfield><subfield code="w">(DLC)  2008252688</subfield><subfield code="w">(OCoLC)226876479</subfield></datafield><datafield ind1="0" ind2="0" tag="785"><subfield code="t">Washington farmer-stockman</subfield><subfield code="x">1041-2727</subfield></datafield><datafield ind1=" " ind2="0" tag="830"><subfield code="a">USAIN state and local literature preservation project.</subfield><subfield code="p">Washington.</subfield></datafield><datafield ind1=" " ind2=" " tag="850"><subfield code="a">WaU</subfield><subfield code="a">WaU (master)</subfield></datafield></record>